@article{aizenman1990,
  author = {Aizenman, M. and Wehr, J.},
  title = {Rounding effects of quenched randomness on first-order phase transitions},
  journal = {Communications in Mathematical Physics},
  volume = {130},
  number = {3},
  pages = {441--631},
  year = {1990},
  note = {\hyperlink{pag3}{3}, \hyperlink{pag9}{9}}
}

@article{bissacot2015,
  author = {Bissacot, R. and others},
  title = {Phase Transitions in Ferromagnetic Ising Models with spatially dependent magnetic fields},
  journal = {arXiv:1403.7961},
  year = {2015},
  note = {\hyperlink{pag2}{2}, \hyperlink{pag3}{3}, \hyperlink{pag4}{4}, \hyperlink{pag5}{5}, \hyperlink{pag6}{6}, \hyperlink{pag8}{8}}
}

@book{bovier2012,
  author = {Bovier, A.},
  title = {Statistical Mechanics of Disordered Systems: A Mathematical Perspective},
  publisher = {Cambridge University Press},
  year = {2012},
  note = {\hyperlink{pag9}{9}}
}

@article{cassandro2012,
  author = {Cassandro, M. and Orlandi, E. and Picco, P.},
  title = {Typical Gibbs configurations for the 1d random field Ising model with long range interactions},
  journal = {Communications in Mathematical Physics},
  volume = {309},
  pages = {229--264},
  year = {2012},
  note = {\hyperlink{pag5}{5}, \hyperlink{pag9}{9}}
}

@article{ding2022,
  author = {Ding, J. and Liu, Y. and Xia, A.},
  title = {Long range order for three-dimensional random field Ising model throughout the entire low temperature regime},
  journal = {arXiv:2209.13998},
  year = {2022},
  note = {\hyperlink{pag8}{8}, \hyperlink{pag9}{9}}
}

@article{ding2024,
  author = {Ding, J. and Zhuang, Z.},
  title = {Long range order for random field Ising and Potts models},
  journal = {Communications on Pure and Applied Mathematics},
  volume = {77},
  number = {1},
  pages = {37--51},
  year = {2024},
  note = {\hyperlink{pag3}{3}, \hyperlink{pag5}{5}, \hyperlink{pag6}{6}, \hyperlink{pag7}{7}, \hyperlink{pag9}{9}}
}

@article{fisher1984,
  author = {Fisher, D. S. and Fröhlich, J. and Spencer, T.},
  title = {The Ising model in a random magnetic field},
  journal = {Journal of Statistical Physics},
  volume = {34},
  number = {5--6},
  pages = {863--870},
  year = {1984},
  note = {\hyperlink{pag3}{3}, \hyperlink{pag5}{5}, \hyperlink{pag7}{7}, \hyperlink{pag9}{9}}
}

@book{lyons2014,
  author = {Lyons, R. and Peres, Y.},
  title = {Probability on Trees and Networks},
  publisher = {Cambridge University Press},
  year = {2014},
  note = {\hyperlink{pag9}{9}}
}

@phdthesis{maia2024,
  author = {Maia, J.},
  title = {Phase Transitions in Ising Models: The Semi-infinite with Decaying Field and the Random Field Longrange},
  school = {Institute of Mathematics and Statistics, University of São Paulo},
  year = {2024},
  note = {\hyperlink{pag3}{3}, \hyperlink{pag4}{4}, \hyperlink{pag5}{5}, \hyperlink{pag6}{6}, \hyperlink{pag7}{7}, \hyperlink{pag9}{9}}
}